@ONLINE {WikipediaFootprinting,
    author = "Wikipedia",
    month  = "oct",
    year   = "2018",
    title  = "Footprinting",
    url    = "https://en.wikipedia.org/wiki/Footprinting"
}
